%BIBLIOGRAFIA
%%%%%%%%%%%%%%%%%%%%%%

%WWW
@misc{www:HST,
       author = "NASA-HST",
       title = "Hubble Space Telescope: \url{https://hubblesite.org/}",
       year = "",
       url = "",
       note = ""
}

@misc{www:JWST,
       author = "STScI-JWST",
       title = "Jammes Webb Space Telescope: \url{http://www.stsci.edu/jwst/}",
       year = "",
       url = "",
       note = ""
}

@misc{www:GAIA,
       author = "ESA-GAIA",
       title = "Global Astrometric Interferometer for Astrophysics: \url{https://sci.esa.int/web/gaia}",
       year = "",
       url = "",
       note = ""
}
@misc{www:SDO,
       author = "NASA-SDO",
       title = "Solar Dynamics Obserbatory: \url{https://sdo.gsfc.nasa.gov/}",
       year = "",
       url = "",
       note = ""
}

@misc{www:ALMA,
       author = "ESO-ALMA",
       title = "Atacama Large Millimiter Array: \url{https://www.almaobservatory.org/}",
       year = "",
       url = "",
       note = ""
}

@misc{www:VLT,
       author = "ESO-VLT",
       title = "Very Large Telescope: \url{https://www.eso.org/public/teles-instr/paranal-observatory/vlt/}",
       year = "",
       url = "",
       note = ""
}

@misc{www:EST,
       author = "EAST-EST",
       title = "European Solar Telescope: \url{http://www.est-east.eu/}",
       year = "",
       url = "",
       note = ""
}

@misc{www:SAMNet,
       author = "HSPF-SAMNet",
       title = "Solar Activity Monitor NETwork: \url{http://hspf.eu/samnet.html}",
       year = "",
       url = "",
       note = ""
}


% WIKIPEDIA



% SOFTWARE

@MISC{soft:PALM,
   author = {PALM},
    title = "{\textsc{} \url{https://palm.muk.uni-hannover.de/trac} bajo licencia GNU General Public License V3}",
booktitle = {},
   editor = "{}",
   adsurl = {},
  series = {}
}


% MANUALES

@BOOK{man:2019Granados,
   author = {Natalia Granados-Hern{\'a}ndez},
    title = "{An{\'a}lisis de Centroides de Polaridad Magn{\'e}tica en Regiones Solares Activas}",
publisher = {Observatorio Astron{\'o}mico Nacional. Universidad Nacional de Colombia.},
   year = 2019 ,
   adsurl = {},
  series = {}
}


% LIBROS

@BOOK{2008VitaFinzi,
   author = {{Vita-Finzi}, C.},
   title = "{The Sun. A User's Manual}",
   publisher = {Springer.},
   year = 2008,
   adsurl = {},
   adsnote = {}
}

@BOOK{2013Collins,
   author = {{Collins}, C.},
   title = "{Astronomy 101: From the Sun and Moon to Whormholes and Warpdrive, Key Theories, Discoveries, and Facts about the Universe}",
   publisher = {USA: Adams Media.},
   year = 2013,
   adsurl = {},
   adsnote = {}
}

@BOOK{2008Lang,
   author = {{Lang}, K.~R.},
   title = "{The Sun from Space}",
   publisher = {2nd. Springer.},
   year = 2008,
   adsurl = {},
   adsnote = {}
}

@BOOK{2006Lang,
   author = {{Lang}, K.~R.},
   title = "{Sun, Earth and Sky}",
   publisher = {2nd. Springer.},
   year = 2006,
   adsurl = {},
   adsnote = {}
}

@BOOK{2003ToroIniesta,
   author = {{Toro-Iniesta}, J.~C.},
   title = "{Introduction to Spectropolarimetry}",
   publisher = {Cambridge University Press.},
   year = 2003,
   adsurl = {},
   adsnote = {}
}
@BOOK{2010Schmidt,
   author = {{Schmidt}, J.~D.},
   title = "{Numerical Simulations of Optical Wave Propagation}",
   publisher = {SPIE Press.},
   year = 2010,
   adsurl = {},
   adsnote = {}
}


% ARTÍCULOS

@ARTICLE{2019JSWSC...9A...6K,
       author = {{Kors{\'o}s}, Marianna B. and {Yang}, Shuhong and
         {Erd{\'e}lyi}, Robertus},
        title = "{Investigation of pre-flare dynamics using the weighted horizontal magnetic gradient method: From small to major flare classes}",
      journal = {Journal of Space Weather and Space Climate},
     keywords = {Sun-flares-precursors, Astrophysics - Solar and Stellar Astrophysics},
         year = "2019",
        month = "Jan",
       volume = {9},
          eid = {A6},
        pages = {A6},
          doi = {10.1051/swsc/2019002},
archivePrefix = {arXiv},
       eprint = {1901.05984},
 primaryClass = {astro-ph.SR},
       adsurl = {https://ui.adsabs.harvard.edu/abs/2019JSWSC...9A...6K},
      adsnote = {Provided by the SAO/NASA Astrophysics Data System}
}

@ARTICLE{2015ApJ...802L..21K,
       author = {{Kors{\'o}s}, M.~B. and {Ludm{\'a}ny}, A. and {Erd{\'e}lyi}, R. and
         {Baranyi}, T.},
        title = "{On Flare Predictability Based on Sunspot Group Evolution}",
      journal = {\apjl},
     keywords = {Sun: flares, sunspots, Astrophysics - Solar and Stellar Astrophysics},
         year = "2015",
        month = "Apr",
       volume = {802},
       number = {2},
          eid = {L21},
        pages = {L21},
          doi = {10.1088/2041-8205/802/2/L21},
archivePrefix = {arXiv},
       eprint = {1503.04634},
 primaryClass = {astro-ph.SR},
       adsurl = {https://ui.adsabs.harvard.edu/abs/2015ApJ...802L..21K},
      adsnote = {Provided by the SAO/NASA Astrophysics Data System}
}

@ARTICLE{2015GMDD....8.1539M,
   author = {{Maronga}, B. and {Gryschka}, M. and {Heinze}, R. and {Hoffmann}, F. and 
	{Kanani-S{\"u}hring}, F. and {Keck}, M. and {Ketelsen}, K. and 
	{Letzel}, M.~O. and {S{\"u}hring}, M. and {Raasch}, S.},
    title = "{The Parallelized Large-Eddy Simulation Model (PALM) version 4.0 for atmospheric and oceanic flows: model formulation, recent developments, and future perspectives}",
  journal = {Geoscientific Model Development Discussions},
     year = 2015,
    month = feb,
   volume = 8,
    pages = {1539-1637},
      doi = {10.5194/gmdd-8-1539-2015},
   adsurl = {https://ui.adsabs.harvard.edu/abs/2015GMDD....8.1539M},
  adsnote = {Provided by the SAO/NASA Astrophysics Data System}
}



